


@Article{sbpo04,
  Author         = {Marcelo Oliveira Lima and Elias Oliveira and Luiz Carlos Bueno Pereira and Renato Tannure de Almeida and Marcelo Eduardo Vieira Segatto},
  Title          = {{Estratégias com Algoritmos Híbridos para Projeto de Redes Ópticas}},
  Journal        = {{XXXVI Simpósio Brasileiro de Pesquisa Operacional}},
  year           = 2004
}

@Article{ampl,
  Author         = {Robert Fourer and David M. Gay and Brian W. Kernighan},
  Title          = {{A Modeling Language for Mathematical Programming}},
  Journal        = {{Management Science 36 pp. 519-54}},
  year           = 1990
}

@Article{Renato06,
  Author         = {R. T. R. Almeida and L. C. Calmon and M. E. V. Segatto and E. S. Oliveira},
  Title          = {{Design of Virtual Topologies for Large Optical Networks Through an Efficient MILP Formulation}},
  Journal        = {{Optical Switching and Networking, v. 3, p. 2-10}},
  year           = 2006
}

@Article{Puech02,
  Author         = {Nicolas Puech and Josue Kuri and Maurice Gagnaire},
  Title          = {{Topological Design and Lightpath Routing in WDM Mesh Networks: A Combined Approach}},
  Journal        = {{Photonic Network Communications, 4:3/4, 443-456, 2002}},
  year           = 2002
}

@Article{Jaumard04,
  Author         = {Brigitte Jaumard and Christophe Meyer and Babacar Thiongane},
  Title          = {{Comparison of ILP Formulations for the RWA Problem}},
  Journal        = {{Les Cahiers du GERAD - G-2004-66}},
  year           = 2004
}

@Article{Ozdaglar03,
  Author         = {Asuman E. Ozdaglar and Dimitri P. Bertsekas},
  Title          = {{Routing and Wavelength Assignment in Optical Networks}},
  Journal        = {{IEEE/ACM Transactions on Networking, Vol. 11., No. 2, pp. 259-272, april}},
  year           = 2003
}

@Article{Tornatore07,
  Author         = {Massimo Tornatore and Guido Maier and Achille Pattavina},
  Title          = {{WDM network design by ILP models based on flow aggregation}},
  Journal        = {{IEEE/ACM Transactions on Networking, Vol. 15., No. 3, pp. 709-720, July}},
  year           = 2007
}

@Article{Tornatore08,
  Author         = {Massimo Tornatore and Guido Maier and Achille Pattavina},
  Title          = {{Variable Aggregation in the ILP Design of WDM Networks with Dedicated Protection}},
  Journal        = {{IEEE/KICS Journal of Communications and Networks, Vol.9, No. 4, pp. 419-427, Dec. 2007}},
  year           = 2008
}

@Article{tesetommy,
  Author         = {Tommy Thomadsen},
  Title          = {{Hierarchical Network Design}},
  Journal        = {{PHD tesis in Informatics and Mathematical Modelling - Technical University of Denmark}},
  year           = 2005
}

@Article{Karcius05,
  Author         = {Karcius D. R. Assis and Helio Waldman and William  Giozza},
  Title          = {{Optical Networks: A Complete Design}},
  Journal        = {{IEEE ComSoc-SBrT Joint Issue of the Journal of the Brazilian Telecommunication Society}},
  year           = 2005
}

@Article{Karcius04,
  Author         = {Karcius D. R. Assis and Helio Waldman},
  Title          = {{Topologia Virtual e Topologia Física de Redes Ópticas: Uma Proposta de Projeto Integrado}},
  Journal        = {{Revista da Sociedade Brasileira de Telecomunicações v. 19}},
  year           = 2004
}

@Article{Zang00,
  Author         = {H. Zang and J. P. Jue and B. Mukherjee},
  Title          = {{A Review of Routing and Wavelength Assignment Approaches for Wavelength Routed optical WDM Networks}},
  Journal        = {{Optical Networks Magazine vol.1}},
  year           = {2000}
}

@Article{sobrapo07,
  Author         = {Fábio O. Lima and Diego Luchi and Francisco de Assis Boldt and Elias Oliveira and Renato T. R. de Almeida and Marcelo E. V. Segatto},
  Title          = {{Estudo Empírico da Eficiência de Heurísticas na Otimização do Congestionamento em Redes Ópticas}},
  Journal        = {{ Sociedade Brasileira de Pesquisa Operacinal - Sobrapo 2007}},
  year           = 2007
}


@Article{conftele07,
  Author         = {M. Silva and F. R. Souza and M. Paiva and Gabriel Lessa da Silva Lavagnoli and Marcelo de Oliveira Lima and Renato Tannure de Almeida and A. S. Garcia and Carlos Renato Lisboa Francês and João W. Costa and Elias Oliveira and M. E. V. segatto},
  Title          = {{On Solving HSHR Networks}},
  Journal        = {{ 6th Conference on Telecommunications - Conftele 2007}},
  year           = 2007
}

@Article{ram96,
  Author         = {R. Ramaswami and K. N. Sivarajan},
  Title          = {{Design of Logical Topologies for WavelengthRouted Optical Networks}},
  Journal        = {{IEEE J. Sel. Areas Commun. vol. 14 pag. 840 851}},
  year           = 1996
}

@Article{ram98,
  Author         = {R. Ramaswami and Galen Sasaki},
  Title          = {{Multiwavelength Optical Networks with Limited Wavelength Conversion}},
  Journal        = {{IEEE/ACM Transactions on Networking, Vol. 6, NO. 6, December}},
  year           = 1998
}

@Book{ram02,
  Author         = {R. Ramaswami and K. N. Sivarajan},
  Title          = {{Optical Networks: a practical perspective}},
  Publisher      = {{Morgan Kaufmann Pub. Inc., San Francisco}},
  Edition        = {2$^{nd}$},
  year           = 2002
}

@Article{i2ts,
  Author         = {Fabio de Oliveira Lima and Marcelo Eduardo Vieira Segatto and Elias Oliveira and Marcelo de Oliveira Lima},
  Title          = {{Reformulando o Problema de Projeto de An\'eis em Redes \'Opticas}},
  Journal        = {International Information and Telecommunication Technologies Symposium},
  year           = 2006
}

@Article{momag2004,
  Author         = {Luis Bueno},
  Title          = {{Anéis Lógicos Disjuntos para Projeto de Topologias de Redes Ópticas Tolerantes a Falhas}},
  Journal        = {{MOMAG}},
  year           = 2004
}

@Article{luiz,
  Author         = {Luis Bueno},
  Title          = {{Projeto de topologia virtual em redes óticas}},
  Journal        = {{ Projeto de Graduação, Engenharia Elétrica - UFES}},
  year           = 2002
}

@Article{sbrt2004,
  Author         = {Luis Bueno and Renato Tannure R. Almeida and Marcelo Eduardo Vieira Segatto and Elias Oliveira},
  Title          = {{Uma Heurística para o Projeto de Topologias Virtuais de Redes Ópticas Tolerantes a Falhas}},
  Journal        = {{XX Simpósio Brasileiro de Telecomunicações - SBrT}},
  year           = 2004
}

@Article{teserenato,
  Author         = {Renato Tannure R. Almeida},
  Title          = {Projeto de Topologias Virtuais para Redes Ópticas Multiserviço},
  Journal        = {{Tese de Doutorado em Engenharia Elétrica - Ufes}},
  year           = 2002
}

@Article{renatoit,
  Author         = {Renato Tannure R. Almeida and L. C. Calmon},
  Title          = {Virtual {T}opology {D}esign of {M}ultiservice {O}ptical {N}etworks},
  Journal        = {V International Telecommunications Symposium Proceedings},
  year           = 2002
}

@Article{renatosb,
  Author         = {Renato Tannure R. Almeida and L.C. Calmon},
  Title          = {{Projeto de Topologia Virtual de Redes estáticas com Restrições Diferenciadas por Classe de Serviço.}},
  Journal        = {{X Simpósio Brasileiro de Microondas e Optoeletrica (SBMO), pages 620 623,}},
  year           = 2002
}

@Article{conftele05,
  Author         = {Elias Oliveira},
  Title          = {A combined approach for designing topology and flow congestion minimization of optical networks},
  Journal        = {5th Conference on Telecommunications},
  year           = 2005
}

@Article{sobrapo2004,
  Author         = {Elias Oliveira},
  Title          = {{Estratégias com Algoritmos Híbridos para Projeto de Redes Ópticas}},
  Journal        = {{SOBRAPO}},
  year           = 2004
}

@Article{souza03,
  Author         = {Agostinho Linhares de Souza Filho},
  Title          = {{Projeto de redes translúcidas de longa distância}},
  Journal        = {{Dissertação de mestrado - Universidade Estadual de Campinas, Faculdade de Engenharia Elétrica e de Computação. Campinas, SP, 2003}},
  year           = 2003
}

@Book{cormen02,
  Author         = {H. Cormen},
  Title          = {{Algoritimos: teoria e prática}},
  Publisher      = {{Elsevier}},
  year           = 2002
}

@Book{mukherjee,
  Author         = {B. Mukherjee},
  Title          = {{Optical Communication Networks}},
  Publisher      = {{McGraw-Hill}},
  year           = 1997
}

@Book{ga2,
  Author         = {Michalewiczs and Zbigniew},
  Title          = {{Genetic Algorithms + Data Structures = Evolution Programs.}},
  Publisher      = {{Spring-Verlag}},
  year           = 1994
}

@Book{ga1,
  Author         = {Goldberg},
  Title          = {{Genetic Algorithms in Search, Optimization, and Machine Learning.}},
  Publisher      = {{Addison-Wesley Publishing Company, Inc.}},
  year           = 2002
}

@Book{boaventura,
  Author         = {P. O. Boaventura},
  Title          = {{Grafos: Teoria, Modelos, Algoritmos.}},
  Publisher      = {{Editora Edgard Blcher, São Paulo, 2 Ed.}},
  year           = 2001
}

@Book{beas,
  Author         = {J. Beasley},
  Editor         = {Reeves, Colin R.},
  Title          = {Modern {H}euristic {T}echniques for {C}ombinatorial {P}roblems},
  year           = 1992
}

@Book{bala00,
  Author         = {K. Bala},
  Title          = {{Transparent, opaque and hybrid optical networking}},
  Publisher      = {{Optical Networks, vol. 1, p. 10}},
  year           = 2000
}

@Article{tsplib,
  Author         = {G. Reinelt},
  Title          = {{TSPLIB is a library of sample instances for the TSP}},
  Journal        = {{www.iwr.uni\-heidelberg.de/groups/comopt/software/TSPLIB95/}},
  year           = 1997
}

@Article{ramamurthy99,
  Author         = {B. Ramamurthy and H. Feng and Datta},
  Title          = {Transparent vs. opaque vs. translucent wavelenth routed optical networks},
  Journal        = {Optical Fiber Communication Technical Digest},
  year           = 1999
}

@Article{maher01,
  Author         = {A. Maher},
  Title          = {{Transmission Efficient Design and Management of Wavelength Routed Optical Networks}},
  Journal        = {{Kluwer Academic Publishers}},
  year           = 2001
}

@Article{glover,
  Author         = {F. Glover and M. Laguna},
  Title          = {{Tabu Search.}},
  Journal        = {{Kluwer Academic Publishers}},
  year           = 1997
}

@Article{wall,
  Author         = {M. Wall},
  Title          = {{GAlib: A C++ Library of Genetic Alrorithm Components}.},
  Journal        = {MIT - http://lancet.mit.edu/ga/},
  year           = 2000
}

@Article{diogo,
  Author         = {Diogo Correia Lucas},
  Title          = {Algoritmos Genéticos},
  Journal        = {{Departamento de Física e Matemática}},
  year           = 2000
}

@Article{carvalho,
  Author         = {B. M. P. S. Carvalho},
  Title          = {{Algoritmo de Dijkstra.}},
  Journal        = {{Departamento de Engenharia Informática, Universidade de Coimbra, Portugal.}},
  year           = 1999
}

@Article{tsp,
  Author         = {Stutzle and Dorigo},
  Title          = {{ACO Algorithms for the Traveling Salesman Problem.}},
  Journal        = {{Université Libre de Bruxelles, Belgium}},
  year           = 1999
}
